<record xmlns="http://www.loc.gov/MARC21/slim" xmlns:xsi="http://www.w3.org/2001/XMLSchema-instance" xsi:schemaLocation="http://www.loc.gov/MARC21/slim http://www.loc.gov/standards/marcxml/schema/MARC21slim.xsd"><leader>     nam a22        4500</leader><controlfield tag="001">001681493</controlfield><controlfield tag="003">NNU</controlfield><controlfield tag="006">m        d        </controlfield><controlfield tag="007">cr cn |||m|||a</controlfield><controlfield tag="008">150313s1927    mr      o     000 0 ara d</controlfield><datafield ind1=" " ind2=" " tag="040"><subfield code="a">NNU</subfield><subfield code="b">eng</subfield><subfield code="c">NNU</subfield></datafield><datafield ind1="1" ind2=" " tag="100"><subfield code="a">Ghar&#299;&#7789;, Mu&#7717;ammad ibn Mu&#7717;ammad al-Mufa&#7693;&#7693;al.</subfield></datafield><datafield ind1="1" ind2="0" tag="245"><subfield code="a">Faw&#257;&#7779;il al-jum&#257;n f&#299; anb&#257;&#700; wuzar&#257;&#700; wakutt&#257;b al-zam&#257;n biqalam</subfield><subfield code="h">[electronic resource] /</subfield><subfield code="c">Muhammad Ghar&#299;&#7789;.</subfield></datafield><datafield ind1=" " ind2=" " tag="260"><subfield code="a">F&#257;s :</subfield><subfield code="b">al-Matb&#699;ah al-Jad&#299;dah,</subfield><subfield code="c">1346 [1927]</subfield></datafield><datafield ind1=" " ind2=" " tag="300"><subfield code="a">online resource (312 p.)</subfield></datafield><datafield ind1=" " ind2=" " tag="500"><subfield code="a">Part of the Arabic Collections Online (ACO) project, contributed by New York Univeristy Libraries.</subfield></datafield><datafield ind1=" " ind2=" " tag="533"><subfield code="a">Electronic reproduction.</subfield><subfield code="b">New York, N.Y. :</subfield><subfield code="c">New York University,</subfield><subfield code="d">2015.</subfield><subfield code="5">NNU</subfield></datafield><datafield ind1="2" ind2=" " tag="710"><subfield code="a">New York University.</subfield><subfield code="b">Libraries.</subfield></datafield><datafield ind1="0" ind2=" " tag="730"><subfield code="a">Arabic Collections Online.</subfield></datafield><datafield ind1="0" ind2="8" tag="776"><subfield code="i">Print version:</subfield><subfield code="a">Ghar&#299;&#7789;, Mu&#7717;ammad ibn Mu&#7717;ammad al-Mufa&#7693;&#7693;al.</subfield><subfield code="t">Faw&#257;&#7779;il al-jum&#257;n f&#299; anb&#257;&#700; wuzar&#257;&#700; wakutt&#257;b al-zam&#257;n biqalam</subfield><subfield code="w">(NNU)001681493</subfield></datafield><datafield ind1="4" ind2="0" tag="856"><subfield code="u">http://hdl.handle.net/2333.1/h9w0vwgw</subfield></datafield><datafield ind1=" " ind2=" " tag="959"><subfield code="a">NNU</subfield><subfield code="b">WEB</subfield><subfield code="c">GENI</subfield><subfield code="t">0</subfield><subfield code="m">Electronic access</subfield><subfield code="s">01</subfield></datafield><datafield ind1=" " ind2=" " tag="999"><subfield code="i">NNU_001681493</subfield><subfield code="s">nyu_aco000589</subfield><subfield code="e">(ERROR-880)</subfield></datafield></record>